@Article{Custers2003,
author={Custers, J.
and Gegenwart, P.
and Wilhelm, H.
and Neumaier, K.
and Tokiwa, Y.
and Trovarelli, O.
and Geibel, C.
and Steglich, F.
and P{\'e}pin, C.
and Coleman, P.},
title={The break-up of heavy electrons at a quantum critical point},
journal={Nature},
year={2003},
month={Jul},
day={01},
volume={424},
number={6948},
pages={524-527},
doi={10.1038/nature01774},
url={https://doi.org/10.1038/nature01774}
}

@Article{Legros2019,
author={Legros, A.
and Benhabib, S.
and Tabis, W.
and Lalibert{\'e}, F.
and Dion, M.
and Lizaire, M.
and Vignolle, B.
and Vignolles, D.
and Raffy, H.
and Li, Z. Z.
and Auban-Senzier, P.
and Doiron-Leyraud, N.
and Fournier, P.
and Colson, D.
and Taillefer, L.
and Proust, C.},
title={Universal T-linear resistivity and Planckian dissipation in overdoped cuprates},
journal={Nature Physics},
year={2019},
month={Feb},
day={01},
volume={15},
number={2},
pages={142-147},
doi={10.1038/s41567-018-0334-2},
url={https://doi.org/10.1038/s41567-018-0334-2}
}

@article{SarkarStrangeMetal2020,
   author = "Greene, Richard L. and Mandal, Pampa R. and Poniatowski, Nicholas R. and Sarkar, Tarapada",
   title = "The Strange Metal State of the Electron-Doped Cuprates", 
   journal= "Annual Review of Condensed Matter Physics",
   year = "2020",
   volume = "11",
   number = "Volume 11, 2020",
   pages = "213-229",
   doi = "https://doi.org/10.1146/annurev-conmatphys-031119-050558",
   url = "https://www.annualreviews.org/content/journals/10.1146/annurev-conmatphys-031119-050558",
   publisher = "Annual Reviews",
   issn = "1947-5462",
   type = "Journal Article",
   keywords = "quantum critical point",
   keywords = "scale-invariant transport",
   keywords = "strange metal",
  }


@article{HatsugaiKohmoto1992,
author = {Hatsugai ,Yasuhiro and Kohmoto ,Mahito},
title = {Exactly Solvable Model of Correlated Lattice Electrons   in Any Dimensions},
journal = {Journal of the Physical Society of Japan},
volume = {61},
number = {6},
pages = {2056-2069},
year = {1992},
doi = {10.1143/JPSJ.61.2056},
URL = { 
        https://doi.org/10.1143/JPSJ.61.2056
},
}

@article{Baskaran1991,
author = {Baskaran, G.},
title = {An Exactly Solvable Fermion Model: Spinons, Holons and a non-Fermi Liquid Phase},
journal = {Modern Physics Letters B},
volume = {05},
number = {09},
pages = {643-649},
year = {1991},
doi = {10.1142/S0217984991000782},
URL = { 
        https://doi.org/10.1142/S0217984991000782
},
}

@article{MottRMP1968,
  title = {Metal-Insulator Transition},
  author = {Mott, N. F.},
  journal = {Rev. Mod. Phys.},
  volume = {40},
  issue = {4},
  pages = {677--683},
  numpages = {0},
  year = {1968},
  month = {Oct},
  publisher = {American Physical Society},
  doi = {10.1103/RevModPhys.40.677},
  url = {https://link.aps.org/doi/10.1103/RevModPhys.40.677}
}

@article{Haldane_1981,
doi = {10.1088/0022-3719/14/19/010},
url = {https://dx.doi.org/10.1088/0022-3719/14/19/010},
year = {1981},
month = {jul},
publisher = {},
volume = {14},
number = {19},
pages = {2585},
author = {F D M Haldane},
title = {'Luttinger liquid theory' of one-dimensional quantum fluids. I. Properties of the Luttinger model and their extension to the general 1D interacting spinless Fermi gas},
journal = {Journal of Physics C: Solid State Physics},
}

@article{EmeryKivelson1992,
  title = {Mapping of the two-channel Kondo problem to a resonant-level model},
  author = {Emery, V. J. and Kivelson, S.},
  journal = {Phys. Rev. B},
  volume = {46},
  issue = {17},
  pages = {10812--10817},
  numpages = {0},
  year = {1992},
  month = {Nov},
  publisher = {American Physical Society},
  doi = {10.1103/PhysRevB.46.10812},
  url = {https://link.aps.org/doi/10.1103/PhysRevB.46.10812}
}

@Article{keimer2015quantum,
  title		= {From quantum matter to high-temperature superconductivity
		  in copper oxides},
  author	= {Keimer, Bernhard and Kivelson, Steven A and Norman,
		  Michael R and Uchida, Shinichi and Zaanen, J},
  journal	= {Nature},
  volume	= {518},
  number	= {7538},
  pages		= {179},
  year		= {2015},
  publisher	= {Nature Publishing Group}
}

@article{LeyraudPnictide2009,
  title = {Correlation between linear resistivity and $T_c$ in the Bechgaard salts and the pnictide superconductor $Ba(Fe_(1âˆ’x)Co_x)_2As_2$},
  author = {Doiron-Leyraud, Nicolas and Auban-Senzier, Pascale and Ren\'e de Cotret, Samuel and Bourbonnais, Claude and J\'erome, Denis and Bechgaard, Klaus and Taillefer, Louis},
  journal = {Phys. Rev. B},
  volume = {80},
  issue = {21},
  pages = {214531},
  numpages = {5},
  year = {2009},
  month = {Dec},
  publisher = {American Physical Society},
  doi = {10.1103/PhysRevB.80.214531},
  url = {https://link.aps.org/doi/10.1103/PhysRevB.80.214531}
}

@Article{varma-physrevlett.63.1996,
  title		= {Phenomenology of the normal state of Cu-O high-temperature
		  superconductors},
  author	= {Varma, CM and Littlewood, P Be and Schmitt-Rink, S and
		  Abrahams, E and Ruckenstein, AE},
  journal	= {Physical Review Letters},
  volume	= {63},
  number	= {18},
  pages		= {1996},
  year		= {1989},
  publisher	= {APS}
}

@Article{anirbanmott1,
	doi = {10.1088/1367-2630/ab8831},
	url = {https://doi.org/10.1088/1367-2630/ab8831},
	year = 2020,
	month = {jun},
	journal = {New Journal of Physics},
	publisher = {{IOP} Publishing},
	volume = {22},
	number = {6},
	pages = {063007},
	author = {Anirban Mukherjee and Siddhartha Lal},
	title = {Scaling theory for Mott{\textendash}Hubbard transitions: I. T = 0 phase diagram of the 1/2-filled Hubbard model},
}

@Article{Phillips2020,
author={Phillips, Philip W.
and Yeo, Luke
and Huang, Edwin W.},
title={Exact theory for superconductivity in a doped Mott insulator},
journal={Nature Physics},
year={2020},
month={Dec},
day={01},
volume={16},
number={12},
pages={1175-1180},
issn={1745-2481},
doi={10.1038/s41567-020-0988-4},
url={https://doi.org/10.1038/s41567-020-0988-4}
}

@misc{zhao2024review2024,
      title={Topic Review: Hatsugai-Kohmoto models: Exactly solvable playground for Mottness and Non-Fermi Liquid}, 
      author={Miaomiao Zhao and Wei-Wei Yang and Yin Zhong},
      year={2024},
      eprint={2501.00388},
      archivePrefix={arXiv},
      primaryClass={cond-mat.str-el},
      url={https://arxiv.org/abs/2501.00388}, 
}

@article{CoeBradlyn2023,
  title = {Ground state stability, symmetry, and degeneracy in Mott insulators with long-range interactions},
  author = {Manning-Coe, Dmitry and Bradlyn, Barry},
  journal = {Phys. Rev. B},
  volume = {108},
  issue = {16},
  pages = {165136},
  numpages = {33},
  year = {2023},
  month = {Oct},
  publisher = {American Physical Society},
  doi = {10.1103/PhysRevB.108.165136},
  url = {https://link.aps.org/doi/10.1103/PhysRevB.108.165136}
}

@article{Luttinger1960,
  title = {Fermi Surface and Some Simple Equilibrium Properties of a System of Interacting Fermions},
  author = {Luttinger, J. M.},
  journal = {Phys. Rev.},
  volume = {119},
  issue = {4},
  pages = {1153--1163},
  numpages = {0},
  year = {1960},
  month = {Aug},
  publisher = {American Physical Society},
  doi = {10.1103/PhysRev.119.1153},
  url = {https://link.aps.org/doi/10.1103/PhysRev.119.1153}
}

@article{Oshikawa2000,
  title = {Topological Approach to Luttinger's Theorem and the Fermi Surface of a Kondo Lattice},
  author = {Oshikawa, Masaki},
  journal = {Phys. Rev. Lett.},
  volume = {84},
  issue = {15},
  pages = {3370--3373},
  numpages = {0},
  year = {2000},
  month = {Apr},
  publisher = {American Physical Society},
  doi = {10.1103/PhysRevLett.84.3370},
  url = {https://link.aps.org/doi/10.1103/PhysRevLett.84.3370}
}
@article{Seki2017,
  title = {Topological interpretation of the Luttinger theorem},
  author = {Seki, Kazuhiro and Yunoki, Seiji},
  journal = {Phys. Rev. B},
  volume = {96},
  issue = {8},
  pages = {085124},
  numpages = {22},
  year = {2017},
  month = {Aug},
  publisher = {American Physical Society},
  doi = {10.1103/PhysRevB.96.085124},
  url = {https://link.aps.org/doi/10.1103/PhysRevB.96.085124}
}
@article{Landau1958,
    author = "Landau, Lev Davidovich",
    editor = "ter Haar, D.",
    title = "{On the Theory of the Fermi Liquid}",
    doi = "10.1016/b978-0-08-010586-4.50100-0",
    journal = "J. Exp. Theor. Phys.",
    volume = "35",
    year = "1958"
}
